@book{stevens2015aircraft,
  title={Aircraft control and simulation: dynamics, controls design, and autonomous systems},
  author={Stevens, B. L. and Lewis, F. L. and Johnson, E. N.},
  year={2015},
  publisher={John Wiley \& Sons}
}
